





@article{doi:10.2308/accr-50983,
author = { William J.  Mayew  and  Mani  Sethuraman  and  Mohan  Venkatachalam },
title = {MD\&A Disclosure and the Firm's Ability to Continue as a Going Concern},
journal = {The Accounting Review},
volume = {90},
number = {4},
pages = {1621-1651},
year = {2015},
doi = {10.2308/accr-50983},

URL = { 
        https://doi.org/10.2308/accr-50983
    
},
eprint = { 
        https://doi.org/10.2308/accr-50983
    
}

}


